<collection xmlns="http://www.loc.gov/MARC21/slim">
<record>
  <leader>01091nam0a22002171i 450 </leader>
  <controlfield tag="001">IT\ICCU\CNCE\047863</controlfield>
  <controlfield tag="005">19990309000000.0</controlfield>
  <datafield tag="012" ind1=" " ind2=" ">
    <subfield code="a">ali, o-t- n-te deti (3) 1598 (A)</subfield>
    <subfield code="2">fei</subfield>
  </datafield>
  <datafield tag="100" ind1=" " ind2=" ">
    <subfield code="a">19990304d1598        0itac0103    ba</subfield>
  </datafield>
  <datafield tag="101" ind1=" " ind2=" ">
    <subfield code="a">ITA</subfield>
  </datafield>
  <datafield tag="102" ind1=" " ind2=" ">
    <subfield code="a">IT</subfield>
  </datafield>
  <datafield tag="200" ind1="1" ind2=" ">
    <subfield code="a">Fioretti d&apos;orationi, racolti da diuersi luoghi della Sacra Scrittura, et essempi di n.s. Giesu Christo, &amp; de&apos; Santi. Per il m.r.p. Giacomomaria De&apos; Stassani Genouese, chierico regolare della Congregatione di Somasca, e dati in luce a commune vtilita de fedeli christiani. Nouamente ristampati</subfield>
  </datafield>
  <datafield tag="210" ind1=" " ind2=" ">
    <subfield code="a">In Milano</subfield>
    <subfield code="c">nella stampa del q. Pacifico Pontio</subfield>
    <subfield code="d">1598</subfield>
  </datafield>
  <datafield tag="215" ind1=" " ind2=" ">
    <subfield code="a">\24!, 460, \8! p.</subfield>
    <subfield code="c">ill.</subfield>
    <subfield code="d">in 12ʻ</subfield>
  </datafield>
  <datafield tag="620" ind1=" " ind2=" ">
    <subfield code="a">IT</subfield>
    <subfield code="d">Milano</subfield>
  </datafield>
  <datafield tag="700" ind1=" " ind2="1">
    <subfield code="a">Stassani,</subfield>
    <subfield code="b">Giacomo Maria</subfield>
    <subfield code="3">IT\ICCU\CNCA\013045</subfield>
  </datafield>
  <datafield tag="712" ind1="0" ind2="0">
    <subfield code="a">Da_Ponte, Pacifico - eredi</subfield>
    <subfield code="3">IT\ICCU\CNCT\000026</subfield>
    <subfield code="4">650</subfield>
  </datafield>
  <datafield tag="790" ind1=" " ind2="1">
    <subfield code="a">De_Stassani,</subfield>
    <subfield code="b">Giacomomaria</subfield>
    <subfield code="3">IT\ICCU\CNCA\024835</subfield>
    <subfield code="z">Stassani, Giacomo Maria</subfield>
  </datafield>
  <datafield tag="791" ind1="0" ind2="2">
    <subfield code="a">Pontiani</subfield>
    <subfield code="3">IT\ICCU\CNCT\003716</subfield>
    <subfield code="z">Da_Ponte, Pacifico - eredi</subfield>
  </datafield>
  <datafield tag="801" ind1=" " ind2="3">
    <subfield code="a">IT</subfield>
    <subfield code="b">ICCU</subfield>
    <subfield code="c">20201115</subfield>
  </datafield>
  <datafield tag="899" ind1=" " ind2=" ">
    <subfield code="a">Biblioteca universitaria Alessandrina. Roma</subfield>
    <subfield code="1">RM0280</subfield>
    <subfield code="2">RML 01</subfield>
  </datafield>
</record>
</collection>
